<?xml version="1.0" encoding="UTF-8"?><collection xmlns="http://www.loc.gov/MARC21/slim"><record><leader>00949nam--2200181-i-4500</leader><controlfield tag="001">000043879</controlfield><controlfield tag="002">20161230</controlfield><controlfield tag="005">20161230201044</controlfield><controlfield tag="008">060222s1000------------r-----000-0-eng-d</controlfield><datafield ind1=" " ind2=" " tag="040"><subfield code="a">IFIN-HH</subfield></datafield><datafield ind1=" " ind2=" " tag="080"><subfield code="a">539.1(042.4)</subfield></datafield><datafield ind1="1" ind2=" " tag="100"><subfield code="a">Zichichi, A</subfield></datafield><datafield ind1="1" ind2="0" tag="245"><subfield code="a">Subnuclear phenomena. analyticiiity and algebraic properties in particle physics. models for deep elastic electron-proton scattering. developments of the quark model. status of weak interactions. baryonic and mesonic resonances. related topics like: acausALITY, ETC. CLOSING LECTURE: FIFTEEN YEARS IN THE LIFE OF DISPERSION THEORY</subfield><subfield code="b">1969 international school of physics "ettore majorana" a mpi-nato advanced study institute sponsored by the regional sicilian government and weizmann institute of science, erice, july 3-19</subfield><subfield code="c">A. zichichi (ed.)</subfield></datafield><datafield ind1=" " ind2=" " tag="260"><subfield code="a">New York</subfield><subfield code="b">Academic Press</subfield><subfield code="c">1970</subfield></datafield><datafield ind1=" " ind2=" " tag="300"><subfield code="a">2 PARTS</subfield></datafield><datafield ind1="1" ind2=" " tag="787"><subfield code="a">/328-709/P</subfield></datafield><datafield ind1=" " ind2=" " tag="852"><subfield code="a">35250</subfield><subfield code="c">539</subfield></datafield><datafield ind1=" " ind2=" " tag="CAT"><subfield code="a">Sys</subfield><subfield code="c">20111006</subfield><subfield code="h">144442</subfield></datafield></record></collection>